@article{bwambale2022smart,
  title     = {Smart irrigation monitoring and control strategies for improving water use efficiency in precision agriculture: A review},
  author    = {Bwambale, Erion and Abagale, Felix K and Anornu, Geophrey K},
  journal   = {Agricultural Water Management},
  volume    = {260},
  pages     = {107324},
  year      = {2022},
  publisher = {Elsevier},
  url       = {https://www.sciencedirect.com/science/article/pii/S0378377421006016},
  urldate   = {2023-03-24}
}

@inproceedings{nandurkar2014design,
  title        = {Design and development of precision agriculture system using wireless sensor network},
  author       = {Nandurkar, SR and Thool, VR and Thool, R C},
  booktitle    = {2014 First international conference on automation, control, energy and systems (ACES)},
  pages        = {1--6},
  year         = {2014},
  organization = {IEEE}
}

@inproceedings{iot_and_sensors_in_agriculture_general,
  author    = {Pyingkodi, M. and Thenmozhi, K. and Nanthini, K. and Karthikeyan, M. and Palarimath, Suresh and Erajavignesh, V. and Kumar, G.Bala Ajith},
  booktitle = {2022 International Conference on Computer Communication and Informatics (ICCCI)},
  title     = {Sensor Based Smart Agriculture with IoT Technologies: A Review},
  year      = {2022},
  volume    = {},
  number    = {},
  pages     = {1-7},
  doi       = {10.1109/ICCCI54379.2022.9741001}
}

@inproceedings{capacitive_sensors_for_irrigation_and_disease,
  author    = {Hirsch, Christian and Bartocci, Ezio and Grosu, Radu},
  booktitle = {2019 IEEE 23rd International Symposium on Consumer Technologies (ISCT)},
  title     = {Capacitive Soil Moisture Sensor Node for IoT in Agriculture and Home},
  year      = {2019},
  volume    = {},
  number    = {},
  pages     = {97-102},
  doi       = {10.1109/ISCE.2019.8901012}
}


@article{precision_irrigation_iot,
  title    = {An intelligent IOT sensor coupled precision irrigation model for agriculture},
  journal  = {Measurement: Sensors},
  volume   = {25},
  pages    = {100608},
  year     = {2023},
  issn     = {2665-9174},
  doi      = {https://doi.org/10.1016/j.measen.2022.100608},
  url      = {https://www.sciencedirect.com/science/article/pii/S2665917422002422},
  author   = {G.S. {Prasanna Lakshmi} and P.N. Asha and G. Sandhya and S. {Vivek Sharma} and S. Shilpashree and S.G. Subramanya},
  keywords = {Rice plant, Watering model, Banana plant, Farming, Irrigation, LSTM, And precision}
}